@inbook{Sforza2015,
  title={Manned Spacecraft Design Principles},
  edition={1},
  author={Sforza, Pasquale},
  year={2015},
  publisher={Butterworth-Heinemann},
  address={Oxford},
  chapter={12}
}

@Inbook{Ragab2015,
	author={Ragab, Mohamed
	and Cheatwood, F. McNeil},
	chapter={Launch Vehicle Recovery and Reuse},
	series={AIAA SPACE Forum},
	year={2015},
	month={Aug},
	day={28},
	publisher={American Institute of Aeronautics and Astronautics},
	note={0},
	doi={10.2514/6.2015-4490},
	url={https://doi.org/10.2514/6.2015-4490}
}

@article{Musk2017,
	title={Making Humans a Multi-Planetary Species},
	author={Musk, Elon},
	journal={New Space},
	volume={5},
	number={2},
	pages={46-61},
	year={2017},
	url={https://doi.org/10.1089/space.2017.29009.emu}
}

@article{Foust2017,
	title={SpaceX gaining substantial cost savings from reused Falcon 9},
	author={Foust, J},
	journal={Space News},
	year={2017},
	url={http://spacenews.com/spacex-gaining-substantial-cost-savings-from-reused-falcon-9/}
}